

@book{Sutton,
  title={{Reinforcement Learning: An Introduction}},
  author={Richard Sutton and Andrew Barto},
  series={ Adaptive Computation and Machine Learning},
  year={1998},
  publisher={MIT Press}
}


@article{AlgoQTrading,
title={{Algorithm Trading using {Q}-Learning and Recurrent Reinforcement Learning}},
author={Xin Du and JinJian Zhai and Koupin Lv},
year={2009},
note={https://arxiv.org/pdf/1707.07338.pdf},
journal={arxiv}
}

@article{BSQ,
title={{QLBS}: {Q}-Learner in the {B}lack-{S}choles (-{M}erton) Worlds},
author={Igor Halperin},
year={2017},
note={https://arxiv.org/abs/1712.04609},
journal={arxiv}
}

@article{AlgoLSTM,
title={{Agent Inspired Trading Using Recurrent Reinforcement Learning and {LSTM} Neural Networks}},
author={David Lu},
year={2017},
note={https://arxiv.org/pdf/1707.07338.pdf},
journal={arxiv}
}

@article{cashpf,
title={Optimization of trading systems and portfolios},
author={John Moody and Lizhong Wu},
journal={Proceedings of the IEEE/IAFE 1997 Computational Intelligence for
Financial Engineering (CIFEr)},
year={1997},
page={300-307}
}

@article{rfPf,
title={{A Deep Reinforcement Learning Framework for the Financial Portfolio Management Problem}},
author={Zhengyao Jiang and Dixing Xu and Jinjun Liang},
note={https://arxiv.org/abs/1706.10059},
year={2017},
journal={arxiv}
}


@article{KQP97,
title={Backward stochastic differential equations in finance},
author={N. El Karoui and S. Peng and M. C. Quenez},
year={1997},
journal={Mathematical Finance},
number={1},
volume={71},
 publisher = {Risk}
}

@article{Heston93,
 title = {{A Closed-Form Solution for Options with Stochastic Volatility with Applications to Bond and Currency Options}},
 journal = {The Review of Financial Studies},
 author = {Steven Heston},
 number = {2},
 pages = {327–343},
 publisher = {Institute of Mathematical Statistics},
 volume = {6},
 year = {1993}
}

@article{Soner1995,
 author = {H. M. Soner and S. E. Shreve and J. Cvitanić},
 journal = {The Annals of Applied Probability},
 number = {2},
 pages = {327-355},
 publisher = {Institute of Mathematical Statistics},
 title = {There is no Nontrivial Hedging Portfolio for Option Pricing with Transaction Costs},
 volume = {5},
 year = {1995}
}

@article{Imp17,
title={{A Brief Survey of Deep Reinforcement Learning}},
author={Kai Arulkumaran and Marc Peter Deisenroth and Miles Brundage and Anil Anthony Bharath},
journal={IEEE Signal Processing Magazine},
volumne={34},
issue={6},
year={2017}
}




@article{Longstaff01,
title={{Valuing American Options by Simulation: A Simple Least-Squares Approach}},
author={Francis Longstaff and Eduardo Schwarz},
year={2001},
volume={14},
number={1},
pages={113-147},
journal={The Review of Financial Studies}
}

@incollection {Rogers2004,
title = {Why is the effect of proportional transaction costs {$O(\delta^{2/3})$}},
author = {L.C.G. Rogers},
publisher = {American Mathematical Society},
booktitle = {Mathematics of Finance},
editor ={G. Yin and Q. Zhang},
address = {Providence, RI},
pages ={303-308},
year = {2004}
}


@article{Hodges1989,
author = {Stewart Hodges and Anthony Neuberger},
title = {{Optimal Replication of Contingent Claims Under Transaction Costs}},
journal = {The Review of Futures Markets},
volume = {8},
number = {2},
pages = {222-239},
year = {1989}
}

@article{MuhleKarbe2017,
author = {Johannes Muhle-Karbe and Max Reppen and H. Mete Soner},
title = {{A Primer on Portfolio Choice with Small Transaction Costs}},
journal = {Annual Review of Financial Economics},
volume = {9},
number = {1},
pages = {301-331},
year = {2017}
}









@incollection {Andersen2010,
title = {{Simulation of Square-Root Processes}},
author = {Leif B.G. Andersen and Peter J\"ackel and Christian Kahl},
publisher = {John Wiley \& Sons, Ltd},
booktitle = {Encyclopedia of Quantitative Finance},
year = {2010}
}

@incollection {HestonVar,
title={{Heston Model}},
author = {Hans Buehler},
publisher = {John Wiley \& Sons, Ltd},
booktitle = {Encyclopedia of Quantitative Finance},
year = {2010}
}



@article{Broadie2006,
author = {Mark Broadie and \"Ozg\"ur Kaya},
title = {{Exact Simulation of Stochastic Volatility and Other Affine Jump Diffusion Processes}},
journal = {Operations Research},
volume = {54},
number = {2},
pages = {217-231},
year = {2006}  
}

@book{dufresne2001,
	author = {D. Dufresne},
	note = {Research Paper no. 90},
	publisher = {Centre for Actuarial Studies, University of Melbourne},
	title = {The integrated square-root process},
	year = {2001}
}


@book{Glasserman2004,
  title={Monte Carlo Methods in Financial Engineering},
  author={P. Glasserman},
  series={Applications of mathematics : stochastic modelling and applied probability},
  year={2004},
  publisher={Springer}
}


@book{Goodfellow2016,
      title={Deep Learning},
      author={Ian Goodfellow and Yoshua Bengio and Aaron Courville},
      publisher={MIT Press},
      note={http://www.deeplearningbook.org},
      year={2016}
}




@inproceedings{Ioffe2015,
title = {{Batch Normalization: Accelerating Deep Network Training by Reducing Internal Covariate Shift}},
author  = {Sergey Ioffe and Christian Szegedy},
year  = {2015},
booktitle = {Proceedings of the 32nd International Conference on Machine Learning},
pages = {448-456}

}


@article{Kingma2015,
	author = {Diederik P. Kingma and Jimmy Ba},
	journal = {Proceedings of the International Conference on Learning
  Representations (ICLR)},
	title = {Adam: a method for stochastic optimization},
	year = {2015}
}


@article {Kloeppel2007,
author = {Susanne Kl\"oppel and Martin Schweizer},
title = {Dynamic Indifference Valuation via Convex Risk Measures},
journal = {Mathematical Finance},
volume = {17},
number = {4},
publisher = {Blackwell Publishing Inc},
pages = {599--627},
year = {2007}
}


@Article{Xu2006,
author={Mingxin Xu},
title={Risk measure pricing and hedging in incomplete markets},
journal={Annals of Finance},
year={2006},
volume={2},
number={1},
pages={51--71}
}




@article {Whalley1997,
author = {A. E. Whalley and P. Wilmott},
title = {{An Asymptotic Analysis of an Optimal Hedging Model for Option Pricing with Transaction Costs}},
journal = {Mathematical Finance},
volume = {7},
number = {3},
pages = {307–-324},
year = {1997}
}




@article{Davis1993,
author = {Mark H. A. Davis and Vassilios G. Panas and Thaleia Zariphopoulou},
title = {{European Option Pricing with Transaction Costs}},
journal = {SIAM Journal on Control and Optimization},
volume = {31},
number = {2},
pages = {470-493},
year = {1993}
}

@article {Kallsen2015,
author = {Jan Kallsen and Johannes  Muhle-Karbe},
title = {Option Pricing and Hedging with Small Transaction Costs},
journal = {Mathematical Finance},
volume = {25},
number = {4},
pages = {702--723},
year = {2015}
}

@article {BuRu06,
author = {Christian Burgert and Ludger R\"uschendorf},
title = {Consistent risk measures for portfolio vectors},
journal = {Insurance: Mathematics and Economics},
volue = {38},
numer = {2},
pages= {289--297},
year= {2006}
}

@article {BenTal2007,
author = {Aharon Ben-Tal and Marc Teboulle},
title = {An old-new Concept of Convex Risk Measures: the Optimized Certainty Equivalent},
journal = {Mathematical Finance},
volume = {17},
number = {3},
publisher = {Blackwell Publishing Inc},
pages = {449--476},
year = {2007}
}

@article{GaSch2013,
author={Jim Gatheral and Alexander Schied},
title={Dynamical Models of Market Impact and Algorithms for Order Execution},
journal={Handbook on Systemic Risk},
pages={579--599},
year={2013}
}

@article{Dupire1994,
title= {Pricing with a Smile},
journal = {Risk},
volume ={7},
pages ={18--20},
year={1994},
author={Bruno Dupire}
}

@article{Hornik1991,
title = {Approximation capabilities of multilayer feedforward networks},
journal = {Neural Networks},
volume = {4},
number = {2},
pages = {251--257},
year = {1991},
author = {Kurt Hornik}
}

@book{Foellmer2016,
      title={{Stochastic finance: An introduction in discrete time}},
      author={Hans F\"ollmer and Alexander Schied},
      publisher={De Gruyter},
      year={2016}
}


@article {Rogers2010,
author = {L. C. G. Rogers and Surbjeet Singh},
title = {The cost of Illiquidity and its effects on hedging},
journal = {Mathematical Finance},
volume = {20},
number = {4},
publisher = {Blackwell Publishing Inc},
pages = {597--615},
year = {2010}
}





@Article{Bank2017,
author={Peter Bank, H. Mete Soner and Moritz Vo{\ss}},
title={Hedging with temporary price impact},
journal={Mathematics and Financial Economics},
year={2017},
month={Mar},
day={01},
volume={11},
number={2},
pages={215--239}
}



@article{Ilhan2009,
title = {Optimal static-dynamic hedges for exotic options under convex risk measures},
journal = {{Stochastic Processes and their Applications}},
volume = {119},
number = {10},
pages = {3608 - 3632},
year = {2009},
author = {\.{I}lhan Ayta\c{c}, Jonsson Mattias and Sircar Ronnie }
}

@article{Foellmer2000,
author = {Hans Foellmer and Peter Leukert},
year = {2000},
month = {02},
pages = {117-146},
title = {{Efficient Hedging: Cost Versus Shortfall Risk}s},
volume = {4},
journal = {Finance and Stochastics}
}

@article{E2017,
	author = {E Weinanm and Jiequn Han and Arnulf Jentzen},
	journal = {Preprint arXiv:1706.04702},
	title = {Deep learning-based numerical methods for high-dimensional parabolic partial differential equations and backward stochastic differential equations},
	year = {2017}
}

@article{Grohs2017,
	author = {Helmut Bölcskei and Philipp Grohs and Gitta Kutyniok and Philipp Petersen},
	journal = {Preprint arXiv:1705.01714},
	title = {{Optimal Approximation with Sparsely Connected Deep Neural Networks}},
	year = {2017}
}


@article{hochreiter1997long,
  title={Long short-term memory},
  author={Hochreiter, Sepp and Schmidhuber, J{\"u}rgen},
  journal={Neural computation},
  volume={9},
  number={8},
  pages={1735--1780},
  year={1997},
  publisher={MIT Press}
}


@article{hausknecht2015deep,
  title={Deep recurrent {Q}-learning for partially observable {MDP}s},
  author={Hausknecht, Matthew and Stone, Peter},
  journal={CoRR, abs/1507.06527},
  year={2015}
}

@article{BlackScholes1973,
  title={{The Pricing of Options and Corporate Liabilities}},
  author={Black, Fischer and Scholes, Myron},
  journal={Journal of Political Economy},
  year={1973},
  volume = {81},
  pages={637-654}
}



@article{Hutchinson1994,
  title={{A Nonparametric Approach to Pricing and Hedging Derivative Securities Via Learning Networks}},
  author={Hutchinson, James M and Lo, Andrew W and Poggio, Tomaso},
  journal={The Journal of Finance},
  year={1994},
  volume = {49},
  pages={851-889}
}

@article{Buehler2019,
author = {Hans Buehler and Lukas Gonon and Josef Teichmann and Ben Wood},
title = {Deep {Hedging}},
journal = {Quantitative Finance},
volume = {19},
number = {8},
pages = {1271-1291},
year  = {2019},
publisher = {Routledge},
doi = {10.1080/14697688.2019.1571683},
URL = { 
        https://doi.org/10.1080/14697688.2019.1571683    
},
eprint = { 
        https://doi.org/10.1080/14697688.2019.1571683
    
}
}

@article{Wiese2019,
    title={Quant {GANs}: {Deep Generation of Financial Time Series}},
    author={Magnus Wiese and Robert Knobloch and Ralf Korn and Peter Kretschmer},
    year={2019},
    eprint={1907.06673},
    archivePrefix={arXiv},
    primaryClass={q-fin.MF}
}

@article{Ritter2018,
  title={{Dynamic Replication and Hedging: A Reinforcement Learning Approach}},
  author = {Ritter, Gordon and Kolm, Petter N},
  year = {2019},
  volume = 1,
  issue = 1,
  journal={Journal of Financial Data Science}
}

@article{Cont2002,
  title={{Dynamics of Implied Volatility Surfaces}},
  author = {Cont, Rama and Da Fonseca, Jose\'{e}},
  year = {2002},
  volume = 2,
  pages = {45-60},
  journal = {Quantitative Finance}
}

@techreport{Wissel2007,
  title = {Arbitrage-free market models for option prices},
  author = {Wissel, Johannes},
  institution = {{FINRISK}},
  year = 2007,
  note = {http://www.nccr-finrisk.uzh.ch/media/pdf/wp/WP428$\_$D1.pdf}
}



@incollection{Goodfellow2014,
title = {{Generative Adversarial Nets}},
author = {Goodfellow, Ian and Pouget-Abadie, Jean and Mirza, Mehdi and Xu, Bing and Warde-Farley, David and Ozair, Sherjil and Courville, Aaron and Bengio, Yoshua},
booktitle = {Advances in Neural Information Processing Systems 27},
editor = {Z. Ghahramani and M. Welling and C. Cortes and N. D. Lawrence and K. Q. Weinberger},
pages = {2672--2680},
year = {2014},
publisher = {Curran Associates, Inc.},
url = {http://papers.nips.cc/paper/5423-generative-adversarial-nets.pdf}
}


@article{Koshiyama2019,
  author    = {Adriano Soares Koshiyama and
               Nick Firoozye and
               Philip C. Treleaven},
  title     = {{Generative Adversarial Networks for Financial Trading Strategies Fine-Tuning and Combination}},
  journal   = {CoRR},
  volume    = {abs/1901.01751},
  year      = {2019},
  url       = {http://arxiv.org/abs/1901.01751},
  archivePrefix = {arXiv},
  eprint    = {1901.01751},
  timestamp = {Thu, 31 Jan 2019 13:52:49 +0100},
  biburl    = {https://dblp.org/rec/bib/journals/corr/abs-1901-01751},
  bibsource = {dblp computer science bibliography, https://dblp.org}
}

@article{Esteban2017,
  title={Real-valued (medical) time series generation with recurrent conditional gans},
  author={Esteban, Crist{\'o}bal and Hyland, Stephanie L and R{\"a}tsch, Gunnar},
  journal={arXiv preprint arXiv:1706.02633},
  year={2017}
}

@article{Press2017,
  title={Language generation with recurrent generative adversarial networks without pre-training},
  author={Press, Ofir and Bar, Amir and Bogin, Ben and Berant, Jonathan and Wolf, Lior},
  journal={arXiv preprint arXiv:1706.01399},
  year={2017}
}

@book{Johansen1995,
  title={Likelihood-based inference in cointegrated vector autoregressive models},
  author={Johansen, S{\o}ren},
  year={1995},
  publisher={Oxford University Press on Demand}
}

@article{Cont2001,
  title={Empirical properties of asset returns: stylized facts and statistical issues},
  author={Cont, Rama},
  year={2001},
  publisher={Taylor \& Francis}
}

@book{Goodfellow2016,
    title={{Deep Learning}},
    author={Ian Goodfellow and Yoshua Bengio and Aaron Courville},
    publisher={MIT Press},
    note={\url{http://www.deeplearningbook.org}},
    year={2016}
}

@article{Zhou2018,
  title={{Stock market prediction on high-frequency data using generative adversarial nets}},
  author={Zhou, Xingyu and Pan, Zhisong and Hu, Guyu and Tang, Siqi and Zhao, Cheng},
  journal={Mathematical Problems in Engineering},
  volume={2018},
  year={2018},
  publisher={Hindawi}
}

@article{Zhang2019,
  title={{Stock Market Prediction Based on Generative Adversarial Network}},
  author={Zhang, Kang and Zhong, Guoqiang and Dong, Junyu and Wang, Shengke and Wang, Yong},
  journal={Procedia computer science},
  volume={147},
  pages={400--406},
  year={2019},
  publisher={Elsevier}
}

@article{Takahashi2019,
  title={Modeling financial time-series with generative adversarial networks},
  author={Takahashi, Shuntaro and Chen, Yu and Tanaka-Ishii, Kumiko},
  journal={Physica A: Statistical Mechanics and its Applications},
  volume={527},
  pages={121261},
  year={2019},
  publisher={Elsevier}
}


@article{Buehler2017,
  title={{Discrete Local Volatility for Large Time Steps (Extended Version)}},
  author={Buehler, Hans and Ryskin, Evgeny},
  journal={Available at SSRN 2642630},
  year={2017}
}


@article{Oord2016,
  title={Wavenet: A generative model for raw audio},
  author={Oord, Aaron van den and Dieleman, Sander and Zen, Heiga and Simonyan, Karen and Vinyals, Oriol and Graves, Alex and Kalchbrenner, Nal and Senior, Andrew and Kavukcuoglu, Koray},
  journal={arXiv preprint arXiv:1609.03499},
  year={2016}
}

@article{Mescheder2018,
  author    = {Lars M. Mescheder},
  title     = {On the convergence properties of {GAN} training},
  journal   = {CoRR},
  volume    = {abs/1801.04406},
  year      = {2018},
  url       = {http://arxiv.org/abs/1801.04406},
  archivePrefix = {arXiv},
  eprint    = {1801.04406},
  timestamp = {Mon, 13 Aug 2018 16:46:00 +0200},
  biburl    = {https://dblp.org/rec/bib/journals/corr/abs-1801-04406},
  bibsource = {dblp computer science bibliography, https://dblp.org}
}

@article{Sonderby2016,
  author    = {Casper Kaae S{\o}nderby and
               Jose Caballero and
               Lucas Theis and
               Wenzhe Shi and
               Ferenc Husz{\'{a}}r},
  title     = {{Amortised {MAP} Inference for Image Super-resolution}},
  journal   = {CoRR},
  volume    = {abs/1610.04490},
  year      = {2016},
  url       = {http://arxiv.org/abs/1610.04490},
  archivePrefix = {arXiv},
  eprint    = {1610.04490},
  timestamp = {Mon, 13 Aug 2018 16:49:15 +0200},
  biburl    = {https://dblp.org/rec/bib/journals/corr/SonderbyCTSH16},
  bibsource = {dblp computer science bibliography, https://dblp.org}
}

@incollection{Gulrajani2017,
title = {{Improved Training of Wasserstein GANs}},
author = {Gulrajani, Ishaan and Ahmed, Faruk and Arjovsky, Martin and Dumoulin, Vincent and Courville, Aaron C},
booktitle = {Advances in Neural Information Processing Systems 30},
editor = {I. Guyon and U. V. Luxburg and S. Bengio and H. Wallach and R. Fergus and S. Vishwanathan and R. Garnett},
pages = {5767--5777},
year = {2017},
publisher = {Curran Associates, Inc.},
url = {http://papers.nips.cc/paper/7159-improved-training-of-wasserstein-gans.pdf}
}

@article{Brock2018,
  author    = {Andrew Brock and
               Jeff Donahue and
               Karen Simonyan},
  title     = {{Large Scale {GAN} Training for High Fidelity Natural Image Synthesis}},
  journal   = {CoRR},
  volume    = {abs/1809.11096},
  year      = {2018},
  url       = {http://arxiv.org/abs/1809.11096},
  archivePrefix = {arXiv},
  eprint    = {1809.11096},
  timestamp = {Fri, 05 Oct 2018 11:34:52 +0200},
  biburl    = {https://dblp.org/rec/bib/journals/corr/abs-1809-11096},
  bibsource = {dblp computer science bibliography, https://dblp.org}
}

@article{Miyato2018,
  author    = {Takeru Miyato and
               Toshiki Kataoka and
               Masanori Koyama and
               Yuichi Yoshida},
  title     = {{Spectral Normalization for Generative Adversarial Networks}},
  journal   = {CoRR},
  volume    = {abs/1802.05957},
  year      = {2018},
  url       = {http://arxiv.org/abs/1802.05957},
  archivePrefix = {arXiv},
  eprint    = {1802.05957},
  timestamp = {Mon, 13 Aug 2018 16:48:15 +0200},
  biburl    = {https://dblp.org/rec/bib/journals/corr/abs-1802-05957},
  bibsource = {dblp computer science bibliography, https://dblp.org}
}

@article{Karras2018,
  author    = {Tero Karras and
               Samuli Laine and
               Timo Aila},
  title     = {{A Style-Based Generator Architecture for Generative Adversarial Networks}},
  journal   = {CoRR},
  volume    = {abs/1812.04948},
  year      = {2018},
  url       = {http://arxiv.org/abs/1812.04948},
  archivePrefix = {arXiv},
  eprint    = {1812.04948},
  timestamp = {Tue, 01 Jan 2019 15:01:25 +0100},
  biburl    = {https://dblp.org/rec/bib/journals/corr/abs-1812-04948},
  bibsource = {dblp computer science bibliography, https://dblp.org}
}


@article{HenryLabordere2019,
author = {Pierre Henry-Labord\'ere},
year = 2019,
journal = {{SSRN}},
title = {{Generative Models for Financial Data}},
note = {https://ssrn.com/abstract=3408007}
}

@book{Francq2010,
author ={Christian Francq and Jean-Michel Zako\"ian},
year = 2010,
title = {{GARCH Models: Structure, Statistical Inference and Financial Applications}},
publisher = {Wiley}
}

@misc{Eurex2019,
  title = {{Eurex Monthly Statistics}},
  year = 2019,
  howpublished = {\url{https://www.eurexchange.com/exchange-en/market-data/statistics/monthly-statistics}},
  note = {Accessed: 2019-09-23},
  author = {Eurex}
}


@article{Sonderby2016,
  author    = {Casper Kaae S{\o}nderby and
               Jose Caballero and
               Lucas Theis and
               Wenzhe Shi and
               Ferenc Husz{\'{a}}r},
  title     = {{Amortised {MAP} Inference for Image Super-resolution}},
  journal   = {CoRR},
  volume    = {abs/1610.04490},
  year      = {2016},
  url       = {http://arxiv.org/abs/1610.04490},
  archivePrefix = {arXiv},
  eprint    = {1610.04490},
  timestamp = {Mon, 13 Aug 2018 16:49:15 +0200},
  biburl    = {https://dblp.org/rec/bib/journals/corr/SonderbyCTSH16},
  bibsource = {dblp computer science bibliography, https://dblp.org}
}



@InProceedings{Arjovsky2017,
  title = 	 {{Wasserstein Generative Adversarial Networks}},
  author = 	 {Martin Arjovsky and Soumith Chintala and L{\'e}on Bottou},
  booktitle = 	 {Proceedings of the 34th International Conference on Machine Learning},
  pages = 	 {214--223},
  year = 	 {2017},
  editor = 	 {Doina Precup and Yee Whye Teh},
  volume = 	 {70},
  series = 	 {Proceedings of Machine Learning Research},
  address = 	 {International Convention Centre, Sydney, Australia},
  month = 	 {06--11 Aug},
  publisher = 	 {PMLR},
  pdf = 	 {http://proceedings.mlr.press/v70/arjovsky17a/arjovsky17a.pdf},
  url = 	 {http://proceedings.mlr.press/v70/arjovsky17a.html}
}


@inproceedings{Sutherland2017,
  author    = {Dougal J. Sutherland and
               Hsiao{-}Yu Tung and
               Heiko Strathmann and
               Soumyajit De and
               Aaditya Ramdas and
               Alexander J. Smola and
               Arthur Gretton},
  title     = {{Generative Models and Model Criticism via Optimized Maximum Mean Discrepancy}},
  booktitle = {5th International Conference on Learning Representations, {ICLR} 2017,
               Toulon, France, April 24-26, 2017, Conference Track Proceedings},
  year      = {2017},
  crossref  = {DBLP:conf/iclr/2017},
  url       = {https://openreview.net/forum?id=HJWHIKqgl},
  timestamp = {Thu, 25 Jul 2019 14:25:50 +0200},
  biburl    = {https://dblp.org/rec/bib/conf/iclr/SutherlandTSDRS17},
  bibsource = {dblp computer science bibliography, https://dblp.org}
}